{
  "leader": "01687cam a2200361Ii 4500",
  "fields": [
    {
      "001": "ocm05366621\\"
    },
    {
      "003": "OCoLC"
    },
    {
      "005": "20220103101339.0"
    },
    {
      "008": "790912s1897\\\\\\\\ctucf\\\\\\\\\\\\\\\\\\000\\0\\eng\\\\"
    },
    {
      "010": {
        "ind1": "\\",
        "ind2": "\\",
        "subfields": [
          {
            "a": "rc 01003276 "
          }
        ]
      }
    },
    {
      "040": {
        "ind1": "\\",
        "ind2": "\\",
        "subfields": [
          {
            "a": "DLC"
          },
          {
            "b": "eng"
          },
          {
            "c": "OKE"
          },
          {
            "d": "OCLCQ"
          },
          {
            "d": "OCLCG"
          },
          {
            "d": "KRTAS"
          },
          {
            "d": "OCLCF"
          },
          {
            "d": "OCLCQ"
          },
          {
            "d": "OCLCO"
          },
          {
            "d": "FEM"
          },
          {
            "d": "HUL"
          },
          {
            "d": "OCLCO"
          },
          {
            "d": "OCL"
          }
        ]
      }
    },
    {
      "019": {
        "ind1": "\\",
        "ind2": "\\",
        "subfields": [
          {
            "a": "966168784"
          },
          {
            "a": "968018308"
          },
          {
            "a": "969052025"
          },
          {
            "a": "987935732"
          },
          {
            "a": "1118092346"
          }
        ]
      }
    },
    {
      "035": {
        "ind1": "\\",
        "ind2": "\\",
        "subfields": [
          {
            "a": "(OCoLC)5366621"
          },
          {
            "z": "(OCoLC)966168784"
          },
          {
            "z": "(OCoLC)968018308"
          },
          {
            "z": "(OCoLC)969052025"
          },
          {
            "z": "(OCoLC)987935732"
          },
          {
            "z": "(OCoLC)1118092346"
          }
        ]
      }
    },
    {
      "050": {
        "ind1": "\\",
        "ind2": "4",
        "subfields": [
          {
            "a": "F104.N7"
          },
          {
            "b": "B6 1897"
          }
        ]
      }
    },
    {
      "082": {
        "ind1": "0",
        "ind2": "4",
        "subfields": [
          {
            "a": "974.65"
          },
          {
            "b": "LER"
          }
        ]
      }
    },
    {
      "100": {
        "ind1": "1",
        "ind2": "\\",
        "subfields": [
          {
            "a": "Blake, S. Leroy"
          },
          {
            "q": "(Silas Leroy),"
          },
          {
            "d": "1834-1902."
          }
        ]
      }
    },
    {
      "245": {
        "ind1": "1",
        "ind2": "4",
        "subfields": [
          {
            "a": "The early history of the First church of Christ :"
          },
          {
            "b": "New London, Conn. /"
          },
          {
            "c": "by Rev. S. Leroy Blake ..."
          }
        ]
      }
    },
    {
      "260": {
        "ind1": "\\",
        "ind2": "\\",
        "subfields": [
          {
            "a": "New London :"
          },
          {
            "b": "Press of the Day Pub. Co.,"
          },
          {
            "c": "1897."
          }
        ]
      }
    },
    {
      "300": {
        "ind1": "\\",
        "ind2": "\\",
        "subfields": [
          {
            "a": "327 pages, 2 leaves of plates :"
          },
          {
            "b": "portrait ;"
          },
          {
            "c": "21 cm"
          }
        ]
      }
    },
    {
      "336": {
        "ind1": "\\",
        "ind2": "\\",
        "subfields": [
          {
            "a": "text"
          },
          {
            "b": "txt"
          },
          {
            "2": "rdacontent"
          }
        ]
      }
    },
    {
      "337": {
        "ind1": "\\",
        "ind2": "\\",
        "subfields": [
          {
            "a": "unmediated"
          },
          {
            "b": "n"
          },
          {
            "2": "rdamedia"
          }
        ]
      }
    },
    {
      "338": {
        "ind1": "\\",
        "ind2": "\\",
        "subfields": [
          {
            "a": "volume"
          },
          {
            "b": "nc"
          },
          {
            "2": "rdacarrier"
          }
        ]
      }
    },
    {
      "610": {
        "ind1": "2",
        "ind2": "0",
        "subfields": [
          {
            "a": "First Church of Christ (New London, Conn.)"
          }
        ]
      }
    },
    {
      "600": {
        "ind1": "1",
        "ind2": "7",
        "subfields": [
          {
            "a": "Bradstreet, Simon,"
          },
          {
            "d": "1640-1683."
          },
          {
            "2": "fast"
          },
          {
            "0": "(OCoLC)fst01952833"
          }
        ]
      }
    },
    {
      "610": {
        "ind1": "2",
        "ind2": "7",
        "subfields": [
          {
            "a": "First Church of Christ (New London, Conn.)"
          },
          {
            "2": "fast"
          },
          {
            "0": "(OCoLC)fst00741760"
          }
        ]
      }
    },
    {
      "651": {
        "ind1": "\\",
        "ind2": "7",
        "subfields": [
          {
            "a": "Connecticut"
          },
          {
            "z": "New London."
          },
          {
            "2": "fast"
          },
          {
            "0": "(OCoLC)fst01205494"
          }
        ]
      }
    },
    {
      "651": {
        "ind1": "\\",
        "ind2": "0",
        "subfields": [
          {
            "a": "New London (Conn.)"
          },
          {
            "x": "Church history."
          }
        ]
      }
    },
    {
      "600": {
        "ind1": "1",
        "ind2": "0",
        "subfields": [
          {
            "a": "Bradstreet, Simon,"
          },
          {
            "d": "1640-1683."
          }
        ]
      }
    },
    {
      "655": {
        "ind1": "\\",
        "ind2": "7",
        "subfields": [
          {
            "a": "Church history."
          },
          {
            "2": "fast"
          },
          {
            "0": "(OCoLC)fst01411629"
          }
        ]
      }
    },
    {
      "776": {
        "ind1": "0",
        "ind2": "8",
        "subfields": [
          {
            "i": "Online version:"
          },
          {
            "a": "Blake, S. Leroy (Silas Leroy), 1834-1902."
          },
          {
            "t": "Early history of the First church of Christ."
          },
          {
            "d": "New London, Press of the Day Pub. Co., 1897"
          },
          {
            "w": "(OCoLC)883635293"
          }
        ]
      }
    },
    {
      "994": {
        "ind1": "\\",
        "ind2": "\\",
        "subfields": [
          {
            "a": "Z0"
          },
          {
            "b": "NYRVC"
          }
        ]
      }
    },
    {
      "948": {
        "ind1": "\\",
        "ind2": "\\",
        "subfields": [
          {
            "h": "NO HOLDINGS IN NYRVC - 53 OTHER HOLDINGS"
          }
        ]
      }
    },
    {
      "999": {
        "ind1": "\\",
        "ind2": "\\",
        "subfields": [
          {
            "a": "No barcode."
          }
        ]
      }
    }
  ]
}